<?xml version="1.0" encoding="UTF-8"?><collection xmlns="http://www.loc.gov/MARC21/slim"><record><leader>00424nam--2200145-i-4500</leader><controlfield tag="001">000003808</controlfield><controlfield tag="002">20161230</controlfield><controlfield tag="005">20161230201025</controlfield><controlfield tag="008">060222s1000------------r-----000-0-eng-d</controlfield><datafield ind1=" " ind2=" " tag="080"><subfield code="a">621.94(075)</subfield></datafield><datafield ind1=" " ind2=" " tag="100"><subfield code="a">Brustein, B.E.Si Dementiev, V.I</subfield></datafield><datafield ind1=" " ind2=" " tag="245"><subfield code="a">Strungaria.manual pentru scoli profesionale. traducere din limba rusa</subfield></datafield><datafield ind1=" " ind2=" " tag="260"><subfield code="a">Bucuresti, Editura Tehnuca, 1952. 159 P</subfield></datafield><datafield ind1=" " ind2=" " tag="490"><subfield code="a">Rezervele De Munca</subfield></datafield><datafield ind1=" " ind2=" " tag="852"><subfield code="a">26398</subfield></datafield></record></collection>